<record><leader>00000cas a2200000 a 4500</leader><controlfield tag="001">10014022</controlfield><controlfield tag="008">831014d19831990gaudr ne      0   a0eng c</controlfield><datafield ind1=" " ind2=" " tag="010"><subfield code="a">sn 83004723 </subfield></datafield><datafield ind1=" " ind2=" " tag="040"><subfield code="a">NSD</subfield><subfield code="b">eng</subfield><subfield code="c">NSD</subfield><subfield code="d">NLG</subfield><subfield code="d">NSD</subfield><subfield code="d">NLG</subfield><subfield code="d">GUA</subfield><subfield code="d">OCLCQ</subfield><subfield code="d">OCLCF</subfield><subfield code="d">OCLCO</subfield></datafield><datafield ind1=" " ind2=" " tag="012"><subfield code="j">0</subfield><subfield code="k">1</subfield><subfield code="m">d</subfield></datafield><datafield ind1="1" ind2=" " tag="022"><subfield code="a">0746-3782</subfield><subfield code="l">0746-3782</subfield><subfield code="2">1</subfield></datafield><datafield ind1="1" ind2=" " tag="029"><subfield code="a">AU@</subfield><subfield code="b">000020293642</subfield></datafield><datafield ind1=" " ind2=" " tag="042"><subfield code="a">nsdp</subfield><subfield code="a">pcc</subfield></datafield><datafield ind1=" " ind2=" " tag="043"><subfield code="a">n-us-ga</subfield></datafield><datafield ind1="0" ind2=" " tag="130"><subfield code="a">Macon telegraph and news (Macon, Ga. : 1983)</subfield></datafield><datafield ind1=" " ind2="0" tag="222"><subfield code="a">Macon telegraph and news</subfield><subfield code="b">(Macon, Ga. : 1983)</subfield></datafield><datafield ind1="0" ind2="0" tag="245"><subfield code="a">Macon telegraph and news.</subfield></datafield><datafield ind1=" " ind2=" " tag="260"><subfield code="a">Macon, Ga. :</subfield><subfield code="b">Macon Telegraph Pub. Co.,</subfield><subfield code="c">[1983-1990].</subfield></datafield><datafield ind1=" " ind2=" " tag="310"><subfield code="a">Daily</subfield></datafield><datafield ind1="0" ind2=" " tag="362"><subfield code="a">157th year, no. 249 (Sept. 6, 1983)-164th year, no. 315 (Nov. 11, 1990).</subfield></datafield><datafield ind1=" " ind2=" " tag="530"><subfield code="a">Available om microfilm from Bell &amp; Howell and University Microfilms Interntional.</subfield></datafield><datafield ind1=" " ind2=" " tag="580"><subfield code="a">Formed by the union of: Macon telegraph (Macon, Ga. : 1926), and: Macon news (Macon, Ga. : 1941).</subfield></datafield><datafield ind1=" " ind2="0" tag="651"><subfield code="a">Macon (Ga.)</subfield><subfield code="v">Newspapers.</subfield></datafield><datafield ind1=" " ind2="0" tag="651"><subfield code="a">Bibb County (Ga.)</subfield><subfield code="v">Newspapers.</subfield></datafield><datafield ind1=" " ind2="7" tag="655"><subfield code="a">Newspapers.</subfield><subfield code="2">fast</subfield><subfield code="0">(OCoLC)fst01423814</subfield></datafield><datafield ind1=" " ind2="7" tag="651"><subfield code="a">Georgia</subfield><subfield code="z">Bibb County.</subfield><subfield code="2">fast</subfield><subfield code="0">(OCoLC)fst01207988</subfield></datafield><datafield ind1=" " ind2="7" tag="651"><subfield code="a">Georgia</subfield><subfield code="z">Macon.</subfield><subfield code="2">fast</subfield><subfield code="0">(OCoLC)fst01206924</subfield></datafield><datafield ind1=" " ind2=" " tag="752"><subfield code="a">United States</subfield><subfield code="b">Georgia</subfield><subfield code="c">Bibb</subfield><subfield code="d">Macon.</subfield></datafield><datafield ind1="1" ind2="4" tag="780"><subfield code="t">Macon telegraph (Macon, Ga. : 1926)</subfield><subfield code="w">(DLC)sn 87062311</subfield><subfield code="w">(OCoLC)16400655</subfield></datafield><datafield ind1="1" ind2="4" tag="780"><subfield code="t">Macon news (Macon, Ga. : 1941)</subfield><subfield code="w">(DLC)sn 89053330</subfield><subfield code="w">(OCoLC)19872344</subfield></datafield><datafield ind1="0" ind2="0" tag="785"><subfield code="t">Macon telegraph (Macon, Ga. : 1990)</subfield><subfield code="x">1054-2485</subfield><subfield code="w">(DLC)sn 90005168</subfield><subfield code="w">(OCoLC)22789733</subfield></datafield></record>